
@article{gelman2019high,
  title={Why high-order polynomials should not be used in regression discontinuity designs},
  author={Gelman, Andrew and Imbens, Guido},
  journal={Journal of Business \& Economic Statistics},
  volume={37},
  number={3},
  pages={447--456},
  year={2019},
  publisher={Taylor \& Francis}
}

@article{matsudaira2008mandatory,
  title={Mandatory summer school and student achievement},
  author={Matsudaira, Jordan D},
  journal={Journal of Econometrics},
  volume={142},
  number={2},
  pages={829--850},
  year={2008},
  publisher={Elsevier}
}

@article{jacob2004remedial,
  title={Remedial education and student achievement: A regression-discontinuity analysis},
  author={Jacob, Brian A and Lefgren, Lars},
  journal={Review of economics and statistics},
  volume={86},
  number={1},
  pages={226--244},
  year={2004},
  publisher={MIT Press}
}

@article{cheng1997automatic,
  title={On automatic boundary corrections},
  author={Cheng, Ming-Yen and Fan, Jianqing and Marron, James S and others},
  journal={The Annals of Statistics},
  volume={25},
  number={4},
  pages={1691--1708},
  year={1997},
  publisher={Institute of Mathematical Statistics}
}

@article{imbens2012optimal,
  title={Optimal bandwidth choice for the regression discontinuity estimator},
  author={Imbens, Guido and Kalyanaraman, Karthik},
  journal={The Review of economic studies},
  volume={79},
  number={3},
  pages={933--959},
  year={2012},
  publisher={Oxford University Press}
}

@article{imbens2019optimized,
  title={Optimized regression discontinuity designs},
  author={Imbens, Guido and Wager, Stefan},
  journal={Review of Economics and Statistics},
  volume={101},
  number={2},
  pages={264--278},
  year={2019},
  publisher={MIT Press}
}

@article{thistlethwaite1960regression,
  title={Regression-discontinuity analysis: An alternative to the ex post facto experiment.},
  author={Thistlethwaite, Donald L and Campbell, Donald T},
  journal={Journal of Educational psychology},
  volume={51},
  number={6},
  pages={309},
  year={1960},
  publisher={American Psychological Association}
}

@book{williams2006gaussian,
  title={Gaussian processes for machine learning},
  author={Williams, Christopher KI and Rasmussen, Carl Edward},
  volume={2},
  number={3},
  year={2006},
  publisher={MIT press Cambridge, MA}
}

@article{kolesar2018inference,
  title={Inference in regression discontinuity designs with a discrete running variable},
  author={Koles{\'a}r, Michal and Rothe, Christoph},
  journal={American Economic Review},
  volume={108},
  number={8},
  pages={2277--2304},
  year={2018}
}

@article{lee2008regression,
  title={Regression discontinuity inference with specification error},
  author={Lee, David S and Card, David},
  journal={Journal of Econometrics},
  volume={142},
  number={2},
  pages={655--674},
  year={2008},
  publisher={Elsevier}
}

@book{lehmann2006theory,
  title={Theory of point estimation},
  author={Lehmann, Erich L and Casella, George},
  year={2006},
  publisher={Springer Science \& Business Media}
}

@article{donoho1994statistical,
  title={Statistical estimation and optimal recovery},
  author={Donoho, David L},
  journal={The Annals of Statistics},
  pages={238--270},
  year={1994},
  publisher={JSTOR}
}

@article{branson2019nonparametric,
  title={A nonparametric Bayesian methodology for regression discontinuity designs},
  author={Branson, Zach and Rischard, Maxime and Bornn, Luke and Miratrix, Luke W},
  journal={Journal of Statistical Planning and Inference},
  volume={202},
  pages={14--30},
  year={2019},
  publisher={Elsevier}
}

@article{fan1992variable,
  title={Variable bandwidth and local linear regression smoothers},
  author={Fan, Jianqing and Gijbels, Irene},
  journal={The Annals of Statistics},
  pages={2008--2036},
  year={1992},
  publisher={JSTOR}
}

@article{porter2003estimation,
  title={Estimation in the regression discontinuity model},
  author={Porter, Jack},
  journal={Unpublished Manuscript, Department of Economics, University of Wisconsin at Madison},
  volume={2003},
  pages={5--19},
  year={2003},
  publisher={Citeseer}
}

@book{kochenderfer2019algorithms,
  title={Algorithms for Optimization},
  author={Kochenderfer, M.J. and Wheeler, T.A.},
  isbn={9780262039420},
  lccn={2018023091},
  series={The MIT Press},
  url={https://books.google.com/books?id=uBSMDwAAQBAJ},
  year={2019},
  publisher={MIT Press}
}

@article{calonico2017rdrobust,
  title={rdrobust: Software for regression-discontinuity designs},
  author={Calonico, Sebastian and Cattaneo, Matias D and Farrell, Max H and Titiunik, Rocio},
  journal={The Stata Journal},
  volume={17},
  number={2},
  pages={372--404},
  year={2017},
  publisher={SAGE Publications Sage CA: Los Angeles, CA}
}
@article{imbens2008regression,
  title={Regression discontinuity designs: A guide to practice},
  author={Imbens, Guido W and Lemieux, Thomas},
  journal={Journal of econometrics},
  volume={142},
  number={2},
  pages={615--635},
  year={2008},
  publisher={Elsevier}
}
@article{lee2010regression,
  title={Regression discontinuity designs in economics},
  author={Lee, David S and Lemieux, Thomas},
  journal={Journal of economic literature},
  volume={48},
  number={2},
  pages={281--355},
  year={2010}
}

@article{armstrong2020robust,
  title={Robust Empirical Bayes Confidence Intervals},
  author={Armstrong, Timothy B and Koles{\'a}r, Michal and Plagborg-M{\o}ller, Mikkel},
  journal={arXiv preprint arXiv:2004.03448},
  year={2020}
}

@article{calonico2014robust,
  title={Robust nonparametric confidence intervals for regression-discontinuity designs},
  author={Calonico, Sebastian and Cattaneo, Matias D and Titiunik, Rocio},
  journal={Econometrica},
  volume={82},
  number={6},
  pages={2295--2326},
  year={2014},
  publisher={Wiley Online Library}
}

@article{armstrong2018finite,
  title={Finite-sample optimal estimation and inference on average treatment effects under unconfoundedness},
  author={Armstrong, Timothy and Koles{\'a}r, Michal},
  year={2018},
  publisher={Cowles Foundation Discussion Paper}
}